{"generated_at":"2026-06-20T12:00:00+00:00","symbols":["BTCUSDT","ETHUSDT","SOLUSDT"],"ticks":{"BTCUSDT":[{"t":1781956080000,"price":64026.77,"quantity":0.0385,"is_buyer_maker":true},{"t":1781956085000,"price":63973.6,"quantity":1.105,"is_buyer_maker":false},{"t":1781956090000,"price":64048.87,"quantity":0.1313,"is_buyer_maker":true},{"t":1781956095000,"price":63958.52,"quantity":0.3287,"is_buyer_maker":false},{"t":1781956100000,"price":63867.68,"quantity":0.2991,"is_buyer_maker":false},{"t":1781956105000,"price":63876.29,"quantity":0.3314,"is_buyer_maker":false},{"t":1781956110000,"price":63935.58,"quantity":0.0107,"is_buyer_maker":false},{"t":1781956115000,"price":63973.59,"quantity":0.511,"is_buyer_maker":true},{"t":1781956120000,"price":64061.34,"quantity":0.5056,"is_buyer_maker":true},{"t":1781956125000,"price":63983.83,"quantity":1.2714,"is_buyer_maker":false},{"t":1781956130000,"price":64042.79,"quantity":1.0949,"is_buyer_maker":false},{"t":1781956135000,"price":64133.69,"quantity":0.5684,"is_buyer_maker":false},{"t":1781956140000,"price":64197.06,"quantity":0.9282,"is_buyer_maker":false},{"t":1781956145000,"price":64211.96,"quantity":1.0572,"is_buyer_maker":true},{"t":1781956150000,"price":64159.54,"quantity":0.4348,"is_buyer_maker":true},{"t":1781956155000,"price":64108.11,"quantity":0.1524,"is_buyer_maker":true},{"t":1781956160000,"price":64134.21,"quantity":0.5479,"is_buyer_maker":true},{"t":1781956165000,"price":64078.32,"quantity":0.4012,"is_buyer_maker":false},{"t":1781956170000,"price":64106.77,"quantity":0.9141,"is_buyer_maker":true},{"t":1781956175000,"price":64150.84,"quantity":0.2459,"is_buyer_maker":true},{"t":1781956180000,"price":64245.05,"quantity":0.9604,"is_buyer_maker":false},{"t":1781956185000,"price":64280.63,"quantity":1.2644,"is_buyer_maker":false},{"t":1781956190000,"price":64228.38,"quantity":0.0491,"is_buyer_maker":true},{"t":1781956195000,"price":64183.63,"quantity":0.3173,"is_buyer_maker":false},{"t":1781956200000,"price":64256.1,"quantity":0.4727,"is_buyer_maker":false},{"t":1781956205000,"price":64235.98,"quantity":1.3719,"is_buyer_maker":true},{"t":1781956210000,"price":64190.67,"quantity":0.3707,"is_buyer_maker":false},{"t":1781956215000,"price":64144.98,"quantity":0.8773,"is_buyer_maker":false},{"t":1781956220000,"price":64125.62,"quantity":0.3298,"is_buyer_maker":false},{"t":1781956225000,"price":64127.45,"quantity":0.1373,"is_buyer_maker":true},{"t":1781956230000,"price":64052.36,"quantity":0.9415,"is_buyer_maker":false},{"t":1781956235000,"price":64037.4,"quantity":0.0962,"is_buyer_maker":true},{"t":1781956240000,"price":64132.71,"quantity":0.7941,"is_buyer_maker":false},{"t":1781956245000,"price":64202.12,"quantity":0.0182,"is_buyer_maker":false},{"t":1781956250000,"price":64237.12,"quantity":0.8059,"is_buyer_maker":true},{"t":1781956255000,"price":64264.29,"quantity":0.1682,"is_buyer_maker":true},{"t":1781956260000,"price":64255.37,"quantity":1.4308,"is_buyer_maker":false},{"t":1781956265000,"price":64209.75,"quantity":0.7514,"is_buyer_maker":true},{"t":1781956270000,"price":64289.24,"quantity":1.3059,"is_buyer_maker":true},{"t":1781956275000,"price":64316.04,"quantity":0.9138,"is_buyer_maker":true},{"t":1781956280000,"price":64366.69,"quantity":0.8095,"is_buyer_maker":false},{"t":1781956285000,"price":64372.55,"quantity":0.0019,"is_buyer_maker":true},{"t":1781956290000,"price":64279.75,"quantity":1.3937,"is_buyer_maker":false},{"t":1781956295000,"price":64343.71,"quantity":0.462,"is_buyer_maker":true},{"t":1781956300000,"price":64416.68,"quantity":1.4205,"is_buyer_maker":true},{"t":1781956305000,"price":64413.97,"quantity":0.1047,"is_buyer_maker":false},{"t":1781956310000,"price":64465.34,"quantity":0.1935,"is_buyer_maker":true},{"t":1781956315000,"price":64474.97,"quantity":0.3983,"is_buyer_maker":false},{"t":1781956320000,"price":64460.11,"quantity":0.3185,"is_buyer_maker":false},{"t":1781956325000,"price":64504.57,"quantity":0.3025,"is_buyer_maker":true},{"t":1781956330000,"price":64600.39,"quantity":0.9752,"is_buyer_maker":true},{"t":1781956335000,"price":64603.79,"quantity":0.1824,"is_buyer_maker":true},{"t":1781956340000,"price":64572.41,"quantity":0.8829,"is_buyer_maker":true},{"t":1781956345000,"price":64518.21,"quantity":0.1074,"is_buyer_maker":false},{"t":1781956350000,"price":64465.75,"quantity":1.3582,"is_buyer_maker":false},{"t":1781956355000,"price":64382.76,"quantity":0.3578,"is_buyer_maker":false},{"t":1781956360000,"price":64327.56,"quantity":0.1993,"is_buyer_maker":false},{"t":1781956365000,"price":64341.27,"quantity":0.7095,"is_buyer_maker":false},{"t":1781956370000,"price":64400.62,"quantity":0.2864,"is_buyer_maker":true},{"t":1781956375000,"price":64387.3,"quantity":0.6359,"is_buyer_maker":true},{"t":1781956380000,"price":64431.55,"quantity":1.0104,"is_buyer_maker":false},{"t":1781956385000,"price":64353.93,"quantity":0.6045,"is_buyer_maker":true},{"t":1781956390000,"price":64423.75,"quantity":0.3737,"is_buyer_maker":true},{"t":1781956395000,"price":64413.82,"quantity":0.6334,"is_buyer_maker":true},{"t":1781956400000,"price":64365.47,"quantity":1.385,"is_buyer_maker":true},{"t":1781956405000,"price":64435.25,"quantity":0.8259,"is_buyer_maker":true},{"t":1781956410000,"price":64531.76,"quantity":1.2542,"is_buyer_maker":false},{"t":1781956415000,"price":64614.31,"quantity":1.2732,"is_buyer_maker":true},{"t":1781956420000,"price":64611.52,"quantity":0.3214,"is_buyer_maker":true},{"t":1781956425000,"price":64525.97,"quantity":0.5691,"is_buyer_maker":false},{"t":1781956430000,"price":64480.52,"quantity":1.1763,"is_buyer_maker":true},{"t":1781956435000,"price":64465.63,"quantity":1.436,"is_buyer_maker":false},{"t":1781956440000,"price":64476.41,"quantity":1.0779,"is_buyer_maker":true},{"t":1781956445000,"price":64437.09,"quantity":1.4531,"is_buyer_maker":false},{"t":1781956450000,"price":64445.25,"quantity":1.1222,"is_buyer_maker":true},{"t":1781956455000,"price":64461.52,"quantity":0.7548,"is_buyer_maker":false},{"t":1781956460000,"price":64395.27,"quantity":1.4412,"is_buyer_maker":true},{"t":1781956465000,"price":64334.58,"quantity":0.893,"is_buyer_maker":false},{"t":1781956470000,"price":64283.47,"quantity":0.1807,"is_buyer_maker":false},{"t":1781956475000,"price":64234.53,"quantity":0.8922,"is_buyer_maker":false},{"t":1781956480000,"price":64218.96,"quantity":0.8759,"is_buyer_maker":false},{"t":1781956485000,"price":64302.71,"quantity":0.3072,"is_buyer_maker":false},{"t":1781956490000,"price":64252.3,"quantity":0.5943,"is_buyer_maker":false},{"t":1781956495000,"price":64213.75,"quantity":0.4749,"is_buyer_maker":false},{"t":1781956500000,"price":64131.41,"quantity":0.688,"is_buyer_maker":false},{"t":1781956505000,"price":64226.85,"quantity":0.1108,"is_buyer_maker":true},{"t":1781956510000,"price":64181.61,"quantity":1.4,"is_buyer_maker":false},{"t":1781956515000,"price":64254.64,"quantity":0.5549,"is_buyer_maker":true},{"t":1781956520000,"price":64318.97,"quantity":1.0556,"is_buyer_maker":false},{"t":1781956525000,"price":64412.99,"quantity":0.9813,"is_buyer_maker":true},{"t":1781956530000,"price":64474.26,"quantity":0.4498,"is_buyer_maker":false},{"t":1781956535000,"price":64559.16,"quantity":0.2023,"is_buyer_maker":true},{"t":1781956540000,"price":64483.05,"quantity":0.8303,"is_buyer_maker":true},{"t":1781956545000,"price":64503.33,"quantity":1.0767,"is_buyer_maker":true},{"t":1781956550000,"price":64529.31,"quantity":0.3967,"is_buyer_maker":true},{"t":1781956555000,"price":64607.78,"quantity":1.2693,"is_buyer_maker":true},{"t":1781956560000,"price":64592.97,"quantity":0.4157,"is_buyer_maker":true},{"t":1781956565000,"price":64645.5,"quantity":0.956,"is_buyer_maker":true},{"t":1781956570000,"price":64692.29,"quantity":0.828,"is_buyer_maker":true},{"t":1781956575000,"price":64597.12,"quantity":0.1138,"is_buyer_maker":false},{"t":1781956580000,"price":64675.4,"quantity":0.8188,"is_buyer_maker":false},{"t":1781956585000,"price":64691.41,"quantity":0.223,"is_buyer_maker":true},{"t":1781956590000,"price":64654.2,"quantity":1.3486,"is_buyer_maker":false},{"t":1781956595000,"price":64724.16,"quantity":1.3485,"is_buyer_maker":true},{"t":1781956600000,"price":64675.53,"quantity":0.1551,"is_buyer_maker":false},{"t":1781956605000,"price":64750.06,"quantity":0.6102,"is_buyer_maker":false},{"t":1781956610000,"price":64682.96,"quantity":1.3949,"is_buyer_maker":false},{"t":1781956615000,"price":64775.36,"quantity":1.2163,"is_buyer_maker":false},{"t":1781956620000,"price":64683.02,"quantity":1.1051,"is_buyer_maker":true},{"t":1781956625000,"price":64766.62,"quantity":1.2036,"is_buyer_maker":false},{"t":1781956630000,"price":64827.0,"quantity":0.4009,"is_buyer_maker":false},{"t":1781956635000,"price":64750.78,"quantity":1.3084,"is_buyer_maker":false},{"t":1781956640000,"price":64696.86,"quantity":1.2251,"is_buyer_maker":true},{"t":1781956645000,"price":64659.05,"quantity":1.1932,"is_buyer_maker":true},{"t":1781956650000,"price":64566.65,"quantity":0.2905,"is_buyer_maker":true},{"t":1781956655000,"price":64637.23,"quantity":1.4504,"is_buyer_maker":true},{"t":1781956660000,"price":64664.66,"quantity":0.6001,"is_buyer_maker":false},{"t":1781956665000,"price":64671.69,"quantity":1.4089,"is_buyer_maker":true},{"t":1781956670000,"price":64762.95,"quantity":0.2687,"is_buyer_maker":false},{"t":1781956675000,"price":64717.38,"quantity":0.1635,"is_buyer_maker":true},{"t":1781956680000,"price":64761.76,"quantity":0.4712,"is_buyer_maker":false},{"t":1781956685000,"price":64763.98,"quantity":0.5784,"is_buyer_maker":false},{"t":1781956690000,"price":64716.32,"quantity":1.0635,"is_buyer_maker":true},{"t":1781956695000,"price":64798.95,"quantity":0.8081,"is_buyer_maker":false},{"t":1781956700000,"price":64845.98,"quantity":1.0063,"is_buyer_maker":true},{"t":1781956705000,"price":64762.32,"quantity":0.9967,"is_buyer_maker":true},{"t":1781956710000,"price":64726.17,"quantity":1.2722,"is_buyer_maker":false},{"t":1781956715000,"price":64687.4,"quantity":0.4646,"is_buyer_maker":true},{"t":1781956720000,"price":64668.46,"quantity":0.4442,"is_buyer_maker":true},{"t":1781956725000,"price":64653.02,"quantity":1.4106,"is_buyer_maker":false},{"t":1781956730000,"price":64731.15,"quantity":0.9237,"is_buyer_maker":true},{"t":1781956735000,"price":64740.46,"quantity":0.0016,"is_buyer_maker":true},{"t":1781956740000,"price":64726.84,"quantity":0.8704,"is_buyer_maker":false},{"t":1781956745000,"price":64720.04,"quantity":0.6638,"is_buyer_maker":true},{"t":1781956750000,"price":64714.84,"quantity":1.3519,"is_buyer_maker":false},{"t":1781956755000,"price":64650.71,"quantity":0.1281,"is_buyer_maker":false},{"t":1781956760000,"price":64676.49,"quantity":0.5034,"is_buyer_maker":false},{"t":1781956765000,"price":64725.22,"quantity":1.0095,"is_buyer_maker":true},{"t":1781956770000,"price":64666.8,"quantity":0.0376,"is_buyer_maker":true},{"t":1781956775000,"price":64661.98,"quantity":1.2748,"is_buyer_maker":true},{"t":1781956780000,"price":64645.38,"quantity":0.945,"is_buyer_maker":true},{"t":1781956785000,"price":64683.46,"quantity":0.7421,"is_buyer_maker":true},{"t":1781956790000,"price":64713.74,"quantity":0.0093,"is_buyer_maker":false},{"t":1781956795000,"price":64766.17,"quantity":0.1608,"is_buyer_maker":true}],"ETHUSDT":[{"t":1781956080000,"price":3396.69,"quantity":1.437,"is_buyer_maker":false},{"t":1781956085000,"price":3392.11,"quantity":0.3745,"is_buyer_maker":false},{"t":1781956090000,"price":3391.67,"quantity":1.2023,"is_buyer_maker":false},{"t":1781956095000,"price":3396.63,"quantity":0.8936,"is_buyer_maker":false},{"t":1781956100000,"price":3400.62,"quantity":0.9194,"is_buyer_maker":false},{"t":1781956105000,"price":3400.67,"quantity":1.246,"is_buyer_maker":false},{"t":1781956110000,"price":3404.72,"quantity":1.1157,"is_buyer_maker":true},{"t":1781956115000,"price":3402.26,"quantity":0.3716,"is_buyer_maker":false},{"t":1781956120000,"price":3404.98,"quantity":0.7824,"is_buyer_maker":false},{"t":1781956125000,"price":3402.67,"quantity":0.1171,"is_buyer_maker":true},{"t":1781956130000,"price":3400.34,"quantity":0.4802,"is_buyer_maker":false},{"t":1781956135000,"price":3396.65,"quantity":0.3477,"is_buyer_maker":false},{"t":1781956140000,"price":3398.76,"quantity":0.0973,"is_buyer_maker":true},{"t":1781956145000,"price":3399.19,"quantity":0.6242,"is_buyer_maker":true},{"t":1781956150000,"price":3398.38,"quantity":1.3574,"is_buyer_maker":false},{"t":1781956155000,"price":3400.37,"quantity":1.2852,"is_buyer_maker":false},{"t":1781956160000,"price":3399.15,"quantity":0.0098,"is_buyer_maker":true},{"t":1781956165000,"price":3401.73,"quantity":1.2803,"is_buyer_maker":false},{"t":1781956170000,"price":3400.91,"quantity":1.1215,"is_buyer_maker":false},{"t":1781956175000,"price":3401.96,"quantity":0.3316,"is_buyer_maker":true},{"t":1781956180000,"price":3401.31,"quantity":0.0445,"is_buyer_maker":true},{"t":1781956185000,"price":3403.13,"quantity":0.6071,"is_buyer_maker":true},{"t":1781956190000,"price":3402.8,"quantity":0.1923,"is_buyer_maker":false},{"t":1781956195000,"price":3397.97,"quantity":0.5916,"is_buyer_maker":false},{"t":1781956200000,"price":3393.15,"quantity":0.9645,"is_buyer_maker":true},{"t":1781956205000,"price":3392.76,"quantity":0.0764,"is_buyer_maker":true},{"t":1781956210000,"price":3389.83,"quantity":0.4909,"is_buyer_maker":false},{"t":1781956215000,"price":3388.6,"quantity":1.1283,"is_buyer_maker":false},{"t":1781956220000,"price":3386.08,"quantity":0.1238,"is_buyer_maker":true},{"t":1781956225000,"price":3386.48,"quantity":1.4999,"is_buyer_maker":true},{"t":1781956230000,"price":3388.01,"quantity":1.1721,"is_buyer_maker":false},{"t":1781956235000,"price":3390.59,"quantity":1.4245,"is_buyer_maker":true},{"t":1781956240000,"price":3385.71,"quantity":0.2294,"is_buyer_maker":true},{"t":1781956245000,"price":3387.43,"quantity":0.8464,"is_buyer_maker":true},{"t":1781956250000,"price":3389.46,"quantity":1.1506,"is_buyer_maker":true},{"t":1781956255000,"price":3390.55,"quantity":1.1221,"is_buyer_maker":true},{"t":1781956260000,"price":3393.8,"quantity":1.4471,"is_buyer_maker":true},{"t":1781956265000,"price":3388.97,"quantity":0.4686,"is_buyer_maker":false},{"t":1781956270000,"price":3393.63,"quantity":0.5956,"is_buyer_maker":false},{"t":1781956275000,"price":3389.31,"quantity":1.0362,"is_buyer_maker":false},{"t":1781956280000,"price":3385.26,"quantity":1.1589,"is_buyer_maker":false},{"t":1781956285000,"price":3386.28,"quantity":0.1825,"is_buyer_maker":false},{"t":1781956290000,"price":3389.15,"quantity":0.5215,"is_buyer_maker":true},{"t":1781956295000,"price":3387.84,"quantity":0.7594,"is_buyer_maker":true},{"t":1781956300000,"price":3391.39,"quantity":1.2337,"is_buyer_maker":true},{"t":1781956305000,"price":3396.08,"quantity":0.9537,"is_buyer_maker":false},{"t":1781956310000,"price":3398.19,"quantity":0.6538,"is_buyer_maker":false},{"t":1781956315000,"price":3402.94,"quantity":0.4059,"is_buyer_maker":false},{"t":1781956320000,"price":3403.33,"quantity":0.7258,"is_buyer_maker":true},{"t":1781956325000,"price":3405.68,"quantity":0.4033,"is_buyer_maker":false},{"t":1781956330000,"price":3409.06,"quantity":0.1309,"is_buyer_maker":false},{"t":1781956335000,"price":3406.44,"quantity":0.6976,"is_buyer_maker":false},{"t":1781956340000,"price":3405.21,"quantity":0.044,"is_buyer_maker":false},{"t":1781956345000,"price":3401.96,"quantity":0.319,"is_buyer_maker":false},{"t":1781956350000,"price":3400.33,"quantity":1.3206,"is_buyer_maker":false},{"t":1781956355000,"price":3398.05,"quantity":0.0162,"is_buyer_maker":false},{"t":1781956360000,"price":3393.82,"quantity":1.0804,"is_buyer_maker":true},{"t":1781956365000,"price":3396.45,"quantity":1.0362,"is_buyer_maker":false},{"t":1781956370000,"price":3396.36,"quantity":1.1896,"is_buyer_maker":true},{"t":1781956375000,"price":3393.52,"quantity":1.038,"is_buyer_maker":true},{"t":1781956380000,"price":3394.35,"quantity":0.7104,"is_buyer_maker":false},{"t":1781956385000,"price":3393.59,"quantity":1.1192,"is_buyer_maker":true},{"t":1781956390000,"price":3395.66,"quantity":0.4071,"is_buyer_maker":true},{"t":1781956395000,"price":3391.79,"quantity":0.2897,"is_buyer_maker":true},{"t":1781956400000,"price":3392.16,"quantity":1.1435,"is_buyer_maker":true},{"t":1781956405000,"price":3389.27,"quantity":0.7268,"is_buyer_maker":false},{"t":1781956410000,"price":3394.12,"quantity":0.7874,"is_buyer_maker":true},{"t":1781956415000,"price":3390.05,"quantity":0.292,"is_buyer_maker":true},{"t":1781956420000,"price":3386.79,"quantity":0.0222,"is_buyer_maker":false},{"t":1781956425000,"price":3384.5,"quantity":1.4615,"is_buyer_maker":false},{"t":1781956430000,"price":3386.5,"quantity":0.1903,"is_buyer_maker":false},{"t":1781956435000,"price":3386.41,"quantity":1.3092,"is_buyer_maker":false},{"t":1781956440000,"price":3386.1,"quantity":0.6613,"is_buyer_maker":true},{"t":1781956445000,"price":3381.54,"quantity":1.4117,"is_buyer_maker":true},{"t":1781956450000,"price":3384.81,"quantity":0.6017,"is_buyer_maker":true},{"t":1781956455000,"price":3386.12,"quantity":0.0814,"is_buyer_maker":true},{"t":1781956460000,"price":3386.76,"quantity":0.4564,"is_buyer_maker":false},{"t":1781956465000,"price":3382.88,"quantity":1.1469,"is_buyer_maker":false},{"t":1781956470000,"price":3385.83,"quantity":0.3393,"is_buyer_maker":false},{"t":1781956475000,"price":3385.33,"quantity":0.6646,"is_buyer_maker":false},{"t":1781956480000,"price":3390.31,"quantity":0.4588,"is_buyer_maker":false},{"t":1781956485000,"price":3391.42,"quantity":1.1104,"is_buyer_maker":false},{"t":1781956490000,"price":3388.45,"quantity":0.3173,"is_buyer_maker":false},{"t":1781956495000,"price":3384.96,"quantity":0.2615,"is_buyer_maker":true},{"t":1781956500000,"price":3379.91,"quantity":0.6763,"is_buyer_maker":false},{"t":1781956505000,"price":3377.8,"quantity":0.348,"is_buyer_maker":false},{"t":1781956510000,"price":3379.85,"quantity":0.6816,"is_buyer_maker":false},{"t":1781956515000,"price":3384.15,"quantity":1.182,"is_buyer_maker":false},{"t":1781956520000,"price":3385.79,"quantity":1.4006,"is_buyer_maker":true},{"t":1781956525000,"price":3386.24,"quantity":0.9718,"is_buyer_maker":false},{"t":1781956530000,"price":3389.56,"quantity":0.108,"is_buyer_maker":true},{"t":1781956535000,"price":3387.6,"quantity":1.1237,"is_buyer_maker":false},{"t":1781956540000,"price":3385.45,"quantity":0.1874,"is_buyer_maker":false},{"t":1781956545000,"price":3387.48,"quantity":1.4141,"is_buyer_maker":false},{"t":1781956550000,"price":3387.42,"quantity":0.1216,"is_buyer_maker":true},{"t":1781956555000,"price":3386.73,"quantity":0.4842,"is_buyer_maker":true},{"t":1781956560000,"price":3382.58,"quantity":1.4429,"is_buyer_maker":false},{"t":1781956565000,"price":3383.34,"quantity":1.4262,"is_buyer_maker":false},{"t":1781956570000,"price":3385.09,"quantity":0.405,"is_buyer_maker":true},{"t":1781956575000,"price":3387.69,"quantity":0.7063,"is_buyer_maker":false},{"t":1781956580000,"price":3391.92,"quantity":0.2731,"is_buyer_maker":false},{"t":1781956585000,"price":3393.29,"quantity":0.7381,"is_buyer_maker":true},{"t":1781956590000,"price":3391.74,"quantity":0.5006,"is_buyer_maker":false},{"t":1781956595000,"price":3395.38,"quantity":0.4954,"is_buyer_maker":false},{"t":1781956600000,"price":3393.23,"quantity":1.4178,"is_buyer_maker":false},{"t":1781956605000,"price":3393.74,"quantity":0.6828,"is_buyer_maker":true},{"t":1781956610000,"price":3391.94,"quantity":1.4553,"is_buyer_maker":true},{"t":1781956615000,"price":3392.09,"quantity":1.4822,"is_buyer_maker":false},{"t":1781956620000,"price":3392.52,"quantity":0.6205,"is_buyer_maker":true},{"t":1781956625000,"price":3391.11,"quantity":1.1349,"is_buyer_maker":false},{"t":1781956630000,"price":3393.76,"quantity":0.3061,"is_buyer_maker":false},{"t":1781956635000,"price":3398.11,"quantity":0.6577,"is_buyer_maker":false},{"t":1781956640000,"price":3394.25,"quantity":1.4597,"is_buyer_maker":false},{"t":1781956645000,"price":3391.6,"quantity":0.2384,"is_buyer_maker":false},{"t":1781956650000,"price":3392.13,"quantity":0.1407,"is_buyer_maker":false},{"t":1781956655000,"price":3396.33,"quantity":0.6927,"is_buyer_maker":true},{"t":1781956660000,"price":3399.72,"quantity":0.7481,"is_buyer_maker":false},{"t":1781956665000,"price":3399.81,"quantity":0.4109,"is_buyer_maker":false},{"t":1781956670000,"price":3404.7,"quantity":0.3664,"is_buyer_maker":false},{"t":1781956675000,"price":3403.52,"quantity":1.3829,"is_buyer_maker":false},{"t":1781956680000,"price":3407.39,"quantity":1.2962,"is_buyer_maker":true},{"t":1781956685000,"price":3410.35,"quantity":0.623,"is_buyer_maker":false},{"t":1781956690000,"price":3410.43,"quantity":1.231,"is_buyer_maker":true},{"t":1781956695000,"price":3408.37,"quantity":0.8808,"is_buyer_maker":false},{"t":1781956700000,"price":3408.27,"quantity":0.2237,"is_buyer_maker":false},{"t":1781956705000,"price":3406.68,"quantity":0.8283,"is_buyer_maker":false},{"t":1781956710000,"price":3406.23,"quantity":0.4833,"is_buyer_maker":true},{"t":1781956715000,"price":3408.24,"quantity":0.8581,"is_buyer_maker":true},{"t":1781956720000,"price":3411.06,"quantity":0.0664,"is_buyer_maker":false},{"t":1781956725000,"price":3413.16,"quantity":1.2173,"is_buyer_maker":true},{"t":1781956730000,"price":3414.84,"quantity":1.2313,"is_buyer_maker":false},{"t":1781956735000,"price":3414.79,"quantity":0.0565,"is_buyer_maker":false},{"t":1781956740000,"price":3415.71,"quantity":1.3047,"is_buyer_maker":false},{"t":1781956745000,"price":3415.1,"quantity":0.7894,"is_buyer_maker":true},{"t":1781956750000,"price":3417.38,"quantity":0.6156,"is_buyer_maker":false},{"t":1781956755000,"price":3413.84,"quantity":0.7048,"is_buyer_maker":false},{"t":1781956760000,"price":3412.18,"quantity":1.0394,"is_buyer_maker":false},{"t":1781956765000,"price":3415.78,"quantity":1.2787,"is_buyer_maker":false},{"t":1781956770000,"price":3414.55,"quantity":0.4757,"is_buyer_maker":false},{"t":1781956775000,"price":3417.21,"quantity":1.3087,"is_buyer_maker":true},{"t":1781956780000,"price":3412.79,"quantity":0.9471,"is_buyer_maker":false},{"t":1781956785000,"price":3417.88,"quantity":1.1204,"is_buyer_maker":true},{"t":1781956790000,"price":3413.76,"quantity":0.951,"is_buyer_maker":false},{"t":1781956795000,"price":3413.19,"quantity":1.0413,"is_buyer_maker":false}],"SOLUSDT":[{"t":1781956080000,"price":144.8,"quantity":1.1944,"is_buyer_maker":true},{"t":1781956085000,"price":144.75,"quantity":0.2192,"is_buyer_maker":false},{"t":1781956090000,"price":144.78,"quantity":1.189,"is_buyer_maker":true},{"t":1781956095000,"price":144.59,"quantity":1.3064,"is_buyer_maker":false},{"t":1781956100000,"price":144.48,"quantity":1.3693,"is_buyer_maker":true},{"t":1781956105000,"price":144.46,"quantity":0.3817,"is_buyer_maker":true},{"t":1781956110000,"price":144.25,"quantity":1.2071,"is_buyer_maker":false},{"t":1781956115000,"price":144.33,"quantity":0.2378,"is_buyer_maker":true},{"t":1781956120000,"price":144.26,"quantity":0.8818,"is_buyer_maker":false},{"t":1781956125000,"price":144.23,"quantity":0.3759,"is_buyer_maker":false},{"t":1781956130000,"price":144.1,"quantity":0.5777,"is_buyer_maker":true},{"t":1781956135000,"price":143.99,"quantity":0.8583,"is_buyer_maker":false},{"t":1781956140000,"price":144.2,"quantity":0.4436,"is_buyer_maker":false},{"t":1781956145000,"price":144.27,"quantity":0.4124,"is_buyer_maker":false},{"t":1781956150000,"price":144.35,"quantity":1.1173,"is_buyer_maker":true},{"t":1781956155000,"price":144.39,"quantity":0.7456,"is_buyer_maker":false},{"t":1781956160000,"price":144.3,"quantity":1.1985,"is_buyer_maker":false},{"t":1781956165000,"price":144.24,"quantity":0.9553,"is_buyer_maker":false},{"t":1781956170000,"price":144.31,"quantity":1.0817,"is_buyer_maker":false},{"t":1781956175000,"price":144.46,"quantity":0.9427,"is_buyer_maker":false},{"t":1781956180000,"price":144.52,"quantity":0.4641,"is_buyer_maker":true},{"t":1781956185000,"price":144.56,"quantity":1.0988,"is_buyer_maker":true},{"t":1781956190000,"price":144.47,"quantity":1.1215,"is_buyer_maker":true},{"t":1781956195000,"price":144.31,"quantity":0.8096,"is_buyer_maker":false},{"t":1781956200000,"price":144.32,"quantity":1.3703,"is_buyer_maker":false},{"t":1781956205000,"price":144.22,"quantity":1.2372,"is_buyer_maker":true},{"t":1781956210000,"price":144.35,"quantity":1.1201,"is_buyer_maker":true},{"t":1781956215000,"price":144.18,"quantity":1.4444,"is_buyer_maker":true},{"t":1781956220000,"price":144.39,"quantity":1.2904,"is_buyer_maker":false},{"t":1781956225000,"price":144.59,"quantity":1.4509,"is_buyer_maker":false},{"t":1781956230000,"price":144.54,"quantity":1.1862,"is_buyer_maker":true},{"t":1781956235000,"price":144.55,"quantity":0.6827,"is_buyer_maker":false},{"t":1781956240000,"price":144.63,"quantity":0.8773,"is_buyer_maker":false},{"t":1781956245000,"price":144.82,"quantity":0.1634,"is_buyer_maker":true},{"t":1781956250000,"price":144.61,"quantity":1.3265,"is_buyer_maker":false},{"t":1781956255000,"price":144.79,"quantity":0.3328,"is_buyer_maker":true},{"t":1781956260000,"price":144.93,"quantity":1.3642,"is_buyer_maker":true},{"t":1781956265000,"price":144.89,"quantity":0.2105,"is_buyer_maker":false},{"t":1781956270000,"price":144.81,"quantity":0.7394,"is_buyer_maker":true},{"t":1781956275000,"price":144.97,"quantity":0.2044,"is_buyer_maker":true},{"t":1781956280000,"price":145.05,"quantity":1.115,"is_buyer_maker":false},{"t":1781956285000,"price":145.01,"quantity":1.1137,"is_buyer_maker":true},{"t":1781956290000,"price":144.98,"quantity":0.1494,"is_buyer_maker":true},{"t":1781956295000,"price":144.94,"quantity":1.4273,"is_buyer_maker":true},{"t":1781956300000,"price":144.88,"quantity":0.6656,"is_buyer_maker":false},{"t":1781956305000,"price":145.03,"quantity":0.1499,"is_buyer_maker":false},{"t":1781956310000,"price":145.05,"quantity":1.4668,"is_buyer_maker":true},{"t":1781956315000,"price":145.01,"quantity":0.2855,"is_buyer_maker":true},{"t":1781956320000,"price":145.16,"quantity":0.6826,"is_buyer_maker":false},{"t":1781956325000,"price":145.22,"quantity":0.8961,"is_buyer_maker":true},{"t":1781956330000,"price":145.35,"quantity":0.3661,"is_buyer_maker":true},{"t":1781956335000,"price":145.38,"quantity":0.1038,"is_buyer_maker":false},{"t":1781956340000,"price":145.25,"quantity":0.3247,"is_buyer_maker":false},{"t":1781956345000,"price":145.17,"quantity":0.2222,"is_buyer_maker":false},{"t":1781956350000,"price":144.96,"quantity":1.2878,"is_buyer_maker":true},{"t":1781956355000,"price":144.8,"quantity":0.3767,"is_buyer_maker":true},{"t":1781956360000,"price":144.87,"quantity":0.0396,"is_buyer_maker":true},{"t":1781956365000,"price":144.99,"quantity":0.3577,"is_buyer_maker":true},{"t":1781956370000,"price":144.85,"quantity":0.0795,"is_buyer_maker":false},{"t":1781956375000,"price":144.86,"quantity":1.1188,"is_buyer_maker":true},{"t":1781956380000,"price":144.98,"quantity":0.7703,"is_buyer_maker":true},{"t":1781956385000,"price":144.98,"quantity":1.4182,"is_buyer_maker":true},{"t":1781956390000,"price":145.11,"quantity":1.3006,"is_buyer_maker":false},{"t":1781956395000,"price":145.09,"quantity":1.4461,"is_buyer_maker":true},{"t":1781956400000,"price":145.08,"quantity":0.603,"is_buyer_maker":false},{"t":1781956405000,"price":145.08,"quantity":1.3646,"is_buyer_maker":true},{"t":1781956410000,"price":144.89,"quantity":0.9128,"is_buyer_maker":true},{"t":1781956415000,"price":144.8,"quantity":0.95,"is_buyer_maker":false},{"t":1781956420000,"price":144.72,"quantity":1.4919,"is_buyer_maker":false},{"t":1781956425000,"price":144.7,"quantity":0.9085,"is_buyer_maker":true},{"t":1781956430000,"price":144.79,"quantity":1.2793,"is_buyer_maker":false},{"t":1781956435000,"price":144.9,"quantity":1.0815,"is_buyer_maker":true},{"t":1781956440000,"price":144.88,"quantity":0.3435,"is_buyer_maker":true},{"t":1781956445000,"price":144.86,"quantity":0.6246,"is_buyer_maker":true},{"t":1781956450000,"price":144.83,"quantity":0.998,"is_buyer_maker":true},{"t":1781956455000,"price":144.68,"quantity":1.3846,"is_buyer_maker":true},{"t":1781956460000,"price":144.82,"quantity":0.1408,"is_buyer_maker":true},{"t":1781956465000,"price":144.93,"quantity":1.2178,"is_buyer_maker":false},{"t":1781956470000,"price":144.97,"quantity":0.8428,"is_buyer_maker":true},{"t":1781956475000,"price":144.8,"quantity":0.531,"is_buyer_maker":false},{"t":1781956480000,"price":144.91,"quantity":1.3023,"is_buyer_maker":false},{"t":1781956485000,"price":145.11,"quantity":0.901,"is_buyer_maker":true},{"t":1781956490000,"price":145.15,"quantity":0.3199,"is_buyer_maker":false},{"t":1781956495000,"price":145.03,"quantity":0.1632,"is_buyer_maker":false},{"t":1781956500000,"price":144.97,"quantity":1.1441,"is_buyer_maker":false},{"t":1781956505000,"price":145.1,"quantity":1.2679,"is_buyer_maker":false},{"t":1781956510000,"price":145.24,"quantity":0.9207,"is_buyer_maker":false},{"t":1781956515000,"price":145.04,"quantity":1.3937,"is_buyer_maker":false},{"t":1781956520000,"price":144.93,"quantity":0.2714,"is_buyer_maker":false},{"t":1781956525000,"price":144.85,"quantity":0.5104,"is_buyer_maker":true},{"t":1781956530000,"price":145.01,"quantity":0.8499,"is_buyer_maker":true},{"t":1781956535000,"price":144.86,"quantity":0.9501,"is_buyer_maker":true},{"t":1781956540000,"price":144.96,"quantity":0.3235,"is_buyer_maker":true},{"t":1781956545000,"price":144.89,"quantity":0.5557,"is_buyer_maker":false},{"t":1781956550000,"price":145.01,"quantity":0.8518,"is_buyer_maker":true},{"t":1781956555000,"price":144.82,"quantity":0.237,"is_buyer_maker":false},{"t":1781956560000,"price":144.9,"quantity":0.4089,"is_buyer_maker":false},{"t":1781956565000,"price":144.89,"quantity":0.6636,"is_buyer_maker":true},{"t":1781956570000,"price":145.0,"quantity":0.1716,"is_buyer_maker":true},{"t":1781956575000,"price":144.91,"quantity":1.0181,"is_buyer_maker":true},{"t":1781956580000,"price":144.98,"quantity":0.0691,"is_buyer_maker":true},{"t":1781956585000,"price":145.02,"quantity":0.0125,"is_buyer_maker":true},{"t":1781956590000,"price":144.9,"quantity":0.2067,"is_buyer_maker":true},{"t":1781956595000,"price":144.82,"quantity":0.0126,"is_buyer_maker":false},{"t":1781956600000,"price":144.68,"quantity":0.5709,"is_buyer_maker":false},{"t":1781956605000,"price":144.68,"quantity":1.2502,"is_buyer_maker":false},{"t":1781956610000,"price":144.49,"quantity":1.2928,"is_buyer_maker":true},{"t":1781956615000,"price":144.29,"quantity":1.3818,"is_buyer_maker":false},{"t":1781956620000,"price":144.32,"quantity":0.8605,"is_buyer_maker":false},{"t":1781956625000,"price":144.28,"quantity":0.1736,"is_buyer_maker":true},{"t":1781956630000,"price":144.21,"quantity":1.2022,"is_buyer_maker":false},{"t":1781956635000,"price":144.35,"quantity":1.3797,"is_buyer_maker":true},{"t":1781956640000,"price":144.5,"quantity":0.3657,"is_buyer_maker":false},{"t":1781956645000,"price":144.51,"quantity":0.5943,"is_buyer_maker":true},{"t":1781956650000,"price":144.44,"quantity":0.5003,"is_buyer_maker":true},{"t":1781956655000,"price":144.45,"quantity":0.1719,"is_buyer_maker":false},{"t":1781956660000,"price":144.62,"quantity":0.5247,"is_buyer_maker":false},{"t":1781956665000,"price":144.76,"quantity":1.2227,"is_buyer_maker":true},{"t":1781956670000,"price":144.61,"quantity":0.2967,"is_buyer_maker":false},{"t":1781956675000,"price":144.72,"quantity":0.9836,"is_buyer_maker":true},{"t":1781956680000,"price":144.84,"quantity":0.7417,"is_buyer_maker":false},{"t":1781956685000,"price":144.95,"quantity":0.6739,"is_buyer_maker":false},{"t":1781956690000,"price":144.98,"quantity":0.9533,"is_buyer_maker":false},{"t":1781956695000,"price":145.14,"quantity":0.9412,"is_buyer_maker":true},{"t":1781956700000,"price":144.95,"quantity":0.6639,"is_buyer_maker":true},{"t":1781956705000,"price":144.85,"quantity":0.0852,"is_buyer_maker":false},{"t":1781956710000,"price":144.77,"quantity":0.6784,"is_buyer_maker":true},{"t":1781956715000,"price":144.91,"quantity":0.116,"is_buyer_maker":false},{"t":1781956720000,"price":145.07,"quantity":0.9229,"is_buyer_maker":false},{"t":1781956725000,"price":145.05,"quantity":0.8319,"is_buyer_maker":false},{"t":1781956730000,"price":145.22,"quantity":0.6752,"is_buyer_maker":false},{"t":1781956735000,"price":145.29,"quantity":0.483,"is_buyer_maker":true},{"t":1781956740000,"price":145.14,"quantity":0.0937,"is_buyer_maker":true},{"t":1781956745000,"price":145.31,"quantity":0.5158,"is_buyer_maker":false},{"t":1781956750000,"price":145.31,"quantity":0.2597,"is_buyer_maker":true},{"t":1781956755000,"price":145.29,"quantity":0.6597,"is_buyer_maker":false},{"t":1781956760000,"price":145.14,"quantity":0.5599,"is_buyer_maker":true},{"t":1781956765000,"price":145.1,"quantity":0.5082,"is_buyer_maker":false},{"t":1781956770000,"price":145.22,"quantity":0.9713,"is_buyer_maker":true},{"t":1781956775000,"price":145.05,"quantity":1.0179,"is_buyer_maker":true},{"t":1781956780000,"price":145.14,"quantity":0.9852,"is_buyer_maker":false},{"t":1781956785000,"price":145.31,"quantity":0.5007,"is_buyer_maker":false},{"t":1781956790000,"price":145.15,"quantity":0.5254,"is_buyer_maker":false},{"t":1781956795000,"price":145.24,"quantity":0.5885,"is_buyer_maker":false}]},"ohlcv":{"BTCUSDT":[{"window_start_ms":1781956080000,"open":64000.0,"high":64133.69,"low":63867.68,"close":64133.69,"volume":6.196,"quote_volume":396547.18,"vwap":64000.51,"trade_count":12},{"window_start_ms":1781956140000,"open":64133.69,"high":64280.63,"low":64078.32,"close":64183.63,"volume":7.2729,"quote_volume":466857.74,"vwap":64191.42,"trade_count":12},{"window_start_ms":1781956200000,"open":64183.63,"high":64264.29,"low":64037.4,"close":64264.29,"volume":6.3838,"quote_volume":409662.3,"vwap":64172.17,"trade_count":12},{"window_start_ms":1781956260000,"open":64264.29,"high":64474.97,"low":64209.75,"close":64474.97,"volume":9.186,"quote_volume":590854.18,"vwap":64321.16,"trade_count":12},{"window_start_ms":1781956320000,"open":64474.97,"high":64603.79,"low":64327.56,"close":64387.3,"volume":6.316,"quote_volume":407217.82,"vwap":64474.01,"trade_count":12},{"window_start_ms":1781956380000,"open":64387.3,"high":64614.31,"low":64353.93,"close":64465.63,"volume":10.8631,"quote_volume":700353.34,"vwap":64470.85,"trade_count":12},{"window_start_ms":1781956440000,"open":64465.63,"high":64476.41,"low":64213.75,"close":64213.75,"volume":10.0674,"quote_volume":647975.43,"vwap":64363.73,"trade_count":12},{"window_start_ms":1781956500000,"open":64213.75,"high":64607.78,"low":64131.41,"close":64607.78,"volume":9.0157,"quote_volume":580508.76,"vwap":64388.65,"trade_count":12},{"window_start_ms":1781956560000,"open":64607.78,"high":64775.36,"low":64592.97,"close":64775.36,"volume":9.4289,"quote_volume":609978.54,"vwap":64692.44,"trade_count":12},{"window_start_ms":1781956620000,"open":64775.36,"high":64827.0,"low":64566.65,"close":64717.38,"volume":10.6184,"quote_volume":686965.41,"vwap":64695.76,"trade_count":12},{"window_start_ms":1781956680000,"open":64717.38,"high":64845.98,"low":64653.02,"close":64740.46,"volume":9.4411,"quote_volume":611187.6,"vwap":64736.91,"trade_count":12},{"window_start_ms":1781956740000,"open":64740.46,"high":64766.17,"low":64645.38,"close":64766.17,"volume":7.6967,"quote_volume":497937.69,"vwap":64694.96,"trade_count":12}],"ETHUSDT":[{"window_start_ms":1781956080000,"open":3400.0,"high":3404.98,"low":3391.67,"close":3396.65,"volume":9.2875,"quote_volume":31567.49,"vwap":3398.92,"trade_count":12},{"window_start_ms":1781956140000,"open":3396.65,"high":3403.13,"low":3396.65,"close":3397.97,"volume":7.5428,"quote_volume":25648.35,"vwap":3400.38,"trade_count":12},{"window_start_ms":1781956200000,"open":3397.97,"high":3397.97,"low":3385.71,"close":3390.55,"volume":10.2289,"quote_volume":34667.13,"vwap":3389.14,"trade_count":12},{"window_start_ms":1781956260000,"open":3390.55,"high":3402.94,"low":3385.26,"close":3402.94,"volume":9.4169,"quote_volume":31939.61,"vwap":3391.73,"trade_count":12},{"window_start_ms":1781956320000,"open":3402.94,"high":3409.06,"low":3393.52,"close":3393.52,"volume":8.0016,"quote_volume":27195.67,"vwap":3398.78,"trade_count":12},{"window_start_ms":1781956380000,"open":3393.52,"high":3395.66,"low":3384.5,"close":3386.41,"volume":8.4593,"quote_volume":28678.66,"vwap":3390.19,"trade_count":12},{"window_start_ms":1781956440000,"open":3386.41,"high":3391.42,"low":3381.54,"close":3384.96,"volume":7.5113,"quote_volume":25431.1,"vwap":3385.71,"trade_count":12},{"window_start_ms":1781956500000,"open":3384.96,"high":3389.56,"low":3377.8,"close":3386.73,"volume":8.6993,"quote_volume":29447.13,"vwap":3385.0,"trade_count":12},{"window_start_ms":1781956560000,"open":3386.73,"high":3395.38,"low":3382.58,"close":3392.09,"volume":11.0257,"quote_volume":37372.83,"vwap":3389.61,"trade_count":12},{"window_start_ms":1781956620000,"open":3392.09,"high":3404.7,"low":3391.11,"close":3403.52,"volume":8.159,"quote_volume":27714.97,"vwap":3396.86,"trade_count":12},{"window_start_ms":1781956680000,"open":3403.52,"high":3414.84,"low":3403.52,"close":3414.79,"volume":8.9959,"quote_volume":30675.63,"vwap":3409.96,"trade_count":12},{"window_start_ms":1781956740000,"open":3414.79,"high":3417.88,"low":3412.18,"close":3413.19,"volume":11.5768,"quote_volume":39535.25,"vwap":3415.04,"trade_count":12}],"SOLUSDT":[{"window_start_ms":1781956080000,"open":145.0,"high":145.0,"low":143.99,"close":143.99,"volume":9.7986,"quote_volume":1415.4,"vwap":144.45,"trade_count":12},{"window_start_ms":1781956140000,"open":143.99,"high":144.56,"low":143.99,"close":144.31,"volume":10.3911,"quote_volume":1500.19,"vwap":144.37,"trade_count":12},{"window_start_ms":1781956200000,"open":144.31,"high":144.82,"low":144.18,"close":144.79,"volume":12.4822,"quote_volume":1802.93,"vwap":144.44,"trade_count":12},{"window_start_ms":1781956260000,"open":144.79,"high":145.05,"low":144.79,"close":145.01,"volume":8.8917,"quote_volume":1289.02,"vwap":144.97,"trade_count":12},{"window_start_ms":1781956320000,"open":145.01,"high":145.38,"low":144.8,"close":144.86,"volume":5.8556,"quote_volume":849.35,"vwap":145.05,"trade_count":12},{"window_start_ms":1781956380000,"open":144.86,"high":145.11,"low":144.7,"close":144.9,"volume":13.5268,"quote_volume":1960.41,"vwap":144.93,"trade_count":12},{"window_start_ms":1781956440000,"open":144.9,"high":145.15,"low":144.68,"close":145.03,"volume":8.7695,"quote_volume":1270.63,"vwap":144.89,"trade_count":12},{"window_start_ms":1781956500000,"open":145.03,"high":145.24,"low":144.82,"close":144.82,"volume":9.2762,"quote_volume":1345.1,"vwap":145.01,"trade_count":12},{"window_start_ms":1781956560000,"open":144.82,"high":145.02,"low":144.29,"close":144.29,"volume":7.0588,"quote_volume":1021.07,"vwap":144.65,"trade_count":12},{"window_start_ms":1781956620000,"open":144.29,"high":144.76,"low":144.21,"close":144.72,"volume":8.2759,"quote_volume":1195.71,"vwap":144.48,"trade_count":12},{"window_start_ms":1781956680000,"open":144.72,"high":145.29,"low":144.72,"close":145.29,"volume":7.7666,"quote_volume":1126.29,"vwap":145.02,"trade_count":12},{"window_start_ms":1781956740000,"open":145.29,"high":145.31,"low":145.05,"close":145.24,"volume":7.186,"quote_volume":1043.32,"vwap":145.19,"trade_count":12}]}}